@article{bertolazzi2005symbolic,
  title={Symbolic--numeric indirect method for solving optimal control problems for large multibody systems},
  author={Bertolazzi, E and Biral, F and Da Lio, M},
  journal={Multibody System Dynamics},
  volume={13},
  number={2},
  pages={233--252},
  year={2005},
  publisher={Springer}
}

@article{biral2016notes,
  title={Notes on numerical methods for solving optimal control problems},
  author={Biral, Francesco and Bertolazzi, Enrico and Bosetti, Paolo},
  journal={IEEJ Journal of Industry Applications},
  volume={5},
  number={2},
  pages={154--166},
  year={2016},
  publisher={The Institute of Electrical Engineers of Japan}
}

@article{dal2019comparison,
  title={Comparison of direct and indirect methods for minimum lap time optimal control problems},
  author={Dal Bianco, Nicola and Bertolazzi, Enrico and Biral, Francesco and Massaro, Matteo},
  journal={Vehicle System Dynamics},
  volume={57},
  number={5},
  pages={665--696},
  year={2019},
  publisher={Taylor \& Francis}
}

@article{lot2014curvilinear,
  title={A curvilinear abscissa approach for the lap time optimization of racing vehicles},
  author={Lot, Roberto and Biral, Francesco},
  journal={IFAC Proceedings Volumes},
  volume={47},
  number={3},
  pages={7559--7565},
  year={2014},
  publisher={Elsevier}
}

@article{sharp2004advances,
  title={Advances in the modelling of motorcycle dynamics},
  author={Sharp, RS and Evangelou, Simos and Limebeer, David JN},
  journal={Multibody system dynamics},
  volume={12},
  number={3},
  pages={251--283},
  year={2004},
  publisher={Springer}
}

@article{bertolazzi2006symbolic,
  title={Symbolic-numeric efficient solution of optimal control problems for multibody systems},
  author={Bertolazzi, Enrico and Biral, Francesco and Da Lio, Mauro},
  journal={Journal of computational and applied mathematics},
  volume={185},
  number={2},
  pages={404--421},
  year={2006},
  publisher={Elsevier}
}

@article{sharp2014method,
  title={A method for predicting minimum-time capability of a motorcycle on a racing circuit},
  author={Sharp, RS},
  journal={Journal of Dynamic Systems, Measurement, and Control},
  volume={136},
  number={4},
  pages={041007},
  year={2014},
  publisher={American Society of Mechanical Engineers}
}

@book{cossalter2006motorcycle,
  title={Motorcycle Dynamics},
  author={Cossalter, V.},
  isbn={9781430308614},
  lccn={2002106290},
  url={https://books.google.it/books?id=rJTQxITnkbgC},
  year={2006},
  publisher={Vittore Cossalter}
}

@book{pacejka2006tyre,
  title={Tyre and Vehicle Dynamics},
  author={Pacejka, H.B.},
  isbn={9780750669184},
  lccn={2007275333},
  series={Automotive engineering},
  url={https://books.google.it/books?id=wHlkbBnu9FEC},
  year={2006},
  publisher={Butterworth-Heinemann}
}

@book{guiggiani2014science,
  title={The Science of Vehicle Dynamics: Handling, Braking, and Ride of Road and Race Cars},
  author={Guiggiani, M.},
  isbn={9789401785334},
  lccn={2013958104},
  series={SpringerLink : B{\"u}cher},
  url={https://books.google.it/books?id=hQrGBAAAQBAJ},
  year={2014},
  publisher={Springer Netherlands}
}

@article{rao2009survey,
  title={A survey of numerical methods for optimal control},
  author={Rao, Anil V},
  journal={Advances in the Astronautical Sciences},
  volume={135},
  number={1},
  pages={497--528},
  year={2009},
  publisher={Univelt, Inc.}
}

@article{rodrigues2014optimal,
  title={Optimal control and numerical software: an overview},
  author={Rodrigues, Helena Sofia and Monteiro, M Teresa T and Torres, Delfim FM},
  journal={arXiv preprint arXiv:1401.7279},
  year={2014}
}


@inproceedings{maria1997introduction,
  title={Introduction to modeling and simulation},
  author={Maria, Anu},
  booktitle={Winter simulation conference},
  volume={29},
  number={1},
  pages={7--13},
  year={1997}
}


@article{cossalter2007influence,
  title={The influence of frame compliance and rider mobility on the scooter stability},
  author={Cossalter, Vittore and Lot, Roberto and Massaro, Matteo},
  journal={Vehicle System Dynamics},
  volume={45},
  number={4},
  pages={313--326},
  year={2007},
  publisher={Taylor \& Francis}
}

@article{leonelli2019optimal,
  title={Optimal control of a road racing motorcycle on a three-dimensional closed track},
  author={Leonelli, L and Limebeer, DJN},
  journal={Vehicle System Dynamics},
  pages={1--25},
  year={2019},
  publisher={Taylor \& Francis}
}

@article{baumgarte1972stabilization,
  title={Stabilization of constraints and integrals of motion in dynamical systems},
  author={Baumgarte, Joachim},
  journal={Computer methods in applied mechanics and engineering},
  volume={1},
  number={1},
  pages={1--16},
  year={1972},
  publisher={Elsevier}
}

@article{cossalter2002motorcycle,
  title={A motorcycle multi-body model for real time simulations based on the natural coordinates approach},
  author={Cossalter, Vittore and Lot, Roberto},
  journal={Vehicle system dynamics},
  volume={37},
  number={6},
  pages={423--447},
  year={2002},
  publisher={Taylor \& Francis}
}

@techreport{cossalter2003multibody,
  title={A multibody code for motorcycle handling and stability analysis with validation and examples of application},
  author={Cossalter, Vittore and Lot, Roberto and Maggio, Fabiano},
  year={2003},
  institution={SAE Technical Paper}
}

@article{lot2004motorcycle,
  title={A motorcycle tire model for dynamic simulations: Theoretical and experimental aspects},
  author={Lot, Roberto},
  journal={Meccanica},
  volume={39},
  number={3},
  pages={207--220},
  year={2004},
  publisher={Springer}
}

@misc{multibod60:online,
author = {},
title = {multibody.net},
howpublished = {\url{http://www.multibody.net/}},
month = {},
year = {},
note = {(Accessed on 02/05/2020)}
}

@book{pacejka2012tire,
  title={Tire and Vehicle Dynamics},
  author={Pacejka, H. and Besselink, I.J.M.},
  isbn={9780080970172},
  url={https://books.google.it/books?id=926T\_pblHqQC},
  year={2012},
  publisher={Elsevier Science}
}

@article{cossalter1999general,
  title={A general method for the evaluation of vehicle manoeuvrability with special emphasis on motorcycles},
  author={Cossalter, Vittore and Da Lio, Mauro and Lot, Roberto and Fabbri, Lucca},
  journal={Vehicle system dynamics},
  volume={31},
  number={2},
  pages={113--135},
  year={1999},
  publisher={Taylor \& Francis}
}

@article{simon2008application,
  title={Application of the “Optimal Maneuver Method” for enhancing racing motorcycle performance},
  author={Simon, Bobbo and Vittore, Cossalter and Matteo, Massaro and Martino, Peretto},
  journal={SAE International Journal of Passenger Cars-Mechanical Systems},
  volume={1},
  number={2008-01-2965},
  pages={1311--1318},
  year={2008}
}

@article{lot2008advanced,
  title={Advanced motorcycle virtual rider},
  author={Lot, R and Massaro, M and Sartori, R},
  journal={Vehicle System Dynamics},
  volume={46},
  number={S1},
  pages={215--224},
  year={2008},
  publisher={Taylor \& Francis}
}

@article{cossalter2010investigation,
  title={Investigation of the influences of tyre—road friction and engine power on motorcycle racing performance by means of the optimal manoeuvre method},
  author={Cossalter, V and Peretto, M and Bobbo, S},
  journal={Proceedings of the Institution of Mechanical Engineers, Part D: Journal of Automobile Engineering},
  volume={224},
  number={4},
  pages={503--519},
  year={2010},
  publisher={Sage Publications Sage UK: London, England}
}

@book{bellman2015applied,
  title={Applied dynamic programming},
  author={Bellman, Richard E and Dreyfus, Stuart E},
  year={2015},
  publisher={Princeton university press}
}

@article{mayne1966second,
  title={A second-order gradient method for determining optimal trajectories of non-linear discrete-time systems},
  author={Mayne, David},
  journal={International Journal of Control},
  volume={3},
  number={1},
  pages={85--95},
  year={1966},
  publisher={Taylor \& Francis}
}

@inproceedings{huang2014trajectory,
  title={Trajectory optimization of autonomous driving by differential dynamic programming},
  author={Huang, Weiwei and Wu, Xiaojun and Zhang, Qun and Wu, Ning and Song, Zhiwei},
  booktitle={2014 13th International Conference on Control Automation Robotics \& Vision (ICARCV)},
  pages={1758--1763},
  year={2014},
  organization={IEEE}
}

@inproceedings{cossalter2013optimization,
  title={Optimization of the centre of mass position of a racing motorcycle in dry and wet track by means of the “Optimal Maneuver Method”},
  author={Cossalter, Vittore and Lot, Roberto and Tavernini, Davide},
  booktitle={2013 IEEE International Conference on Mechatronics (ICM)},
  pages={412--417},
  year={2013},
  organization={IEEE}
}

@inproceedings{massaro2010virtual,
  title={A virtual rider for two-wheeled vehicles},
  author={Massaro, Matteo and Lot, Roberto},
  booktitle={49th IEEE Conference on Decision and Control (CDC)},
  pages={5586--5591},
  year={2010},
  organization={IEEE}
}

@article{patterson2014gpops,
  title={GPOPS-II: A MATLAB software for solving multiple-phase optimal control problems using hp-adaptive Gaussian quadrature collocation methods and sparse nonlinear programming},
  author={Patterson, Michael A and Rao, Anil V},
  journal={ACM Transactions on Mathematical Software (TOMS)},
  volume={41},
  number={1},
  pages={1--37},
  year={2014},
  publisher={ACM New York, NY, USA}
}

@article{wachter2006implementation,
  title={On the implementation of an interior-point filter line-search algorithm for large-scale nonlinear programming},
  author={W{\"a}chter, Andreas and Biegler, Lorenz T},
  journal={Mathematical programming},
  volume={106},
  number={1},
  pages={25--57},
  year={2006},
  publisher={Springer}
}

@ARTICLE{Houska2011a,
  author = {B. Houska and H.J. Ferreau and M. Diehl},
  title = {{ACADO} {T}oolkit -- {A}n {O}pen {S}ource {F}ramework for {A}utomatic {C}ontrol and {D}ynamic {O}ptimization},
  journal = {Optimal Control Applications and Methods},
  year = {2011},
  volume = {32},
  pages = {298--312},
  number = {3}
}

@Article{Andersson2019,
  author = {Joel A E Andersson and Joris Gillis and Greg Horn
            and James B Rawlings and Moritz Diehl},
  title = {{CasADi} -- {A} software framework for nonlinear optimization
           and optimal control},
  journal = {Mathematical Programming Computation},
  volume = {11},
  number = {1},
  pages = {1--36},
  year = {2019},
  publisher = {Springer},
  doi = {10.1007/s12532-018-0139-4}
}

@article{effati2011solving,
  title={Solving a class of linear and non-linear optimal control problems by homotopy perturbation method},
  author={Effati, Sohrab and Nik, H Saberi},
  journal={IMA journal of mathematical control and information},
  volume={28},
  number={4},
  pages={539--553},
  year={2011},
  publisher={Oxford University Press}
}